<marc:record><marc:leader>     naaaa       uu     </marc:leader><marc:controlfield tag="001">https://library.oapen.org/handle/20.500.12657/60530</marc:controlfield><marc:controlfield tag="005">20230106</marc:controlfield><marc:controlfield tag="003">oapen</marc:controlfield><marc:controlfield tag="006">m     o  d        </marc:controlfield><marc:controlfield tag="007">cr|mn|---annan</marc:controlfield><marc:controlfield tag="008">20230106s2023    xx |||||o     ||| 0|nld d</marc:controlfield><marc:datafield tag="020" ind1=" " ind2=" "><marc:subfield code="a">9789461664990</marc:subfield></marc:datafield><marc:datafield tag="020" ind1=" " ind2=" "><marc:subfield code="a">9789462703629</marc:subfield></marc:datafield><marc:datafield tag="020" ind1=" " ind2=" "><marc:subfield code="a">9789461665003</marc:subfield></marc:datafield><marc:datafield tag="040" ind1=" " ind2=" "><marc:subfield code="a">oapen</marc:subfield><marc:subfield code="c">oapen</marc:subfield></marc:datafield><marc:datafield tag="024" ind1="7" ind2=" "><marc:subfield code="a">10.11116/9789461664990</marc:subfield><marc:subfield code="c">doi</marc:subfield></marc:datafield><marc:datafield tag="041" ind1="0" ind2=" "><marc:subfield code="a">nld</marc:subfield></marc:datafield><marc:datafield tag="042" ind1=" " ind2=" "><marc:subfield code="a">dc</marc:subfield></marc:datafield><marc:datafield tag="072" ind1=" " ind2="7"><marc:subfield code="a">TVF</marc:subfield><marc:subfield code="2">bicssc</marc:subfield></marc:datafield><marc:datafield tag="100" ind1="1" ind2=" "><marc:subfield code="a">De Keyzer, Maïka</marc:subfield><marc:subfield code="4">edt</marc:subfield></marc:datafield><marc:datafield tag="700" ind1="1" ind2=" "><marc:subfield code="a">De Keyzer, Maïka</marc:subfield><marc:subfield code="4">oth</marc:subfield></marc:datafield><marc:datafield tag="245" ind1="1" ind2="0"><marc:subfield code="a">Tot de bodem</marc:subfield><marc:subfield code="b">De toekomst van landbouw in Vlaanderen</marc:subfield></marc:datafield><marc:datafield tag="260" ind1=" " ind2=" "><marc:subfield code="a">Leuven</marc:subfield><marc:subfield code="b">Leuven University Press</marc:subfield><marc:subfield code="c">2023</marc:subfield></marc:datafield><marc:datafield tag="300" ind1=" " ind2=" "><marc:subfield code="a">1 electronic resource (223 p.)</marc:subfield></marc:datafield><marc:datafield tag="336" ind1=" " ind2=" "><marc:subfield code="a">text</marc:subfield><marc:subfield code="b">txt</marc:subfield><marc:subfield code="2">rdacontent</marc:subfield></marc:datafield><marc:datafield tag="337" ind1=" " ind2=" "><marc:subfield code="a">computer</marc:subfield><marc:subfield code="b">c</marc:subfield><marc:subfield code="2">rdamedia</marc:subfield></marc:datafield><marc:datafield tag="338" ind1=" " ind2=" "><marc:subfield code="a">online resource</marc:subfield><marc:subfield code="b">cr</marc:subfield><marc:subfield code="2">rdacarrier</marc:subfield></marc:datafield><marc:datafield tag="506" ind1="0" ind2=" "><marc:subfield code="a">Open Access</marc:subfield><marc:subfield code="2">star</marc:subfield><marc:subfield code="f">Unrestricted online access</marc:subfield></marc:datafield><marc:datafield tag="520" ind1=" " ind2=" "><marc:subfield code="a">Een progressief voorstel voor het landbouwbeleid van morgen&#13;
&#13;
De vurige debatten rond de stikstofproblematiek, de droogte, het biodiversiteitsverlies, de seizoensarbeid en de overmatige vleesproductie en -consumptie hebben landbouw weer helemaal op de maatschappelijke en politieke agenda gezet. De vraag dringt zich stilaan op of we in Vlaanderen en Europa effectief nog op een duurzame en economisch rendabele manier aan landbouw kunnen doen en hoe die landbouw dan vorm moet krijgen. Het huidige debat is echter sterk polariserend: landbouw versus ecologie, vermarkting versus subsistentie, schaalvergroting versus familiebedrijven, comparatieve voordelen en specialisatie versus diversiteit, enzovoort. Polariserende discussies brengen helaas zelden antwoorden. Dit boek wil daarom de klassieke tegenstellingen doorbreken. Verschillende experts laten de breuklijn tussen ecologie en landbouw achter zich en formuleren aanbevelingen voor een progressief landbouwbeleid. Hoewel elk individueel hoofdstuk oplossingen biedt voor een deelaspect van landbouw, ligt de kracht van dit boek net in de oproep om ad-hocmaatregelen achterwege te laten en te werken aan een coherent landbouwplan. De complexiteit van ons huidig landbouwbeleid heeft nood aan een coherent landbouwplan. Dit boek neemt het initiatief om hiertoe een progressief voorstel te lanceren. &#13;
&#13;
Bijdragende auteurs: Yves Segers (KU Leuven / CAG vzw), Joris Relaes (ILVO), Kurt Sannen (KU Leuven), Charlotte Prové (Ugent), Maarten Crivits (ILVO/UGent), Luc Vankrunkelsven (Wervel), Karolien Burvenich (Wervel), Bavo Verwimp (de Kijfelaar), Sarah Garré (ILVO), Dominique Huits (INAGRO), Tessa Avermaete (KU Leuven), Johan Nelissen (ACV pulse), Laurens De Meyer (KU Leuven), Fairouz Gazdallah (Solidagro), Suzy Serneels (Broederlijk Delen), Tom Ysewijn ( OWW), Myriam Dumortier (INBO / UGent), Hanne Flachet (FIAN), Ingrid Pauwels (Voedsel Anders), Esmeralda Borgo (Bioforum en freelance journalist), Frederik Gerits (UGent / ILVO), Lies Messely (ILVO), Bert Reubens (ILVO), Stephanie Schelfhout (UGent), Kris Verheyen (UGent)&#13;
&#13;
E-boek verkrijgbaar in Open Access.&#13;
Deze publicatie is GPRC-labeled (Guaranteed Peer-Reviewed Content).</marc:subfield></marc:datafield><marc:datafield tag="536" ind1=" " ind2=" "><marc:subfield code="a">KU Leuven</marc:subfield></marc:datafield><marc:datafield tag="540" ind1=" " ind2=" "><marc:subfield code="a">Creative Commons</marc:subfield><marc:subfield code="f">https://creativecommons.org/licenses/by-nc-nd/4.0/</marc:subfield><marc:subfield code="2">cc</marc:subfield><marc:subfield code="4">https://creativecommons.org/licenses/by-nc-nd/4.0/</marc:subfield></marc:datafield><marc:datafield tag="546" ind1=" " ind2=" "><marc:subfield code="a">Dutch</marc:subfield></marc:datafield><marc:datafield tag="650" ind1=" " ind2="7"><marc:subfield code="a">Sustainable agriculture</marc:subfield><marc:subfield code="2">bicssc</marc:subfield></marc:datafield><marc:datafield tag="653" ind1=" " ind2=" "><marc:subfield code="a">History;Nederlandstalige uitgaven - monografie en bundel</marc:subfield></marc:datafield><marc:datafield tag="856" ind1="4" ind2="0"><marc:subfield code="a">www.oapen.org</marc:subfield><marc:subfield code="u">https://library.oapen.org/bitstream/id/be5dcebc-cec5-47ea-815a-7d724517fc80/9789461664990.pdf</marc:subfield><marc:subfield code="7">0</marc:subfield><marc:subfield code="z">OAPEN Library: download the publication</marc:subfield></marc:datafield><marc:datafield tag="856" ind1="4" ind2="0"><marc:subfield code="a">www.oapen.org</marc:subfield><marc:subfield code="u">https://library.oapen.org/handle/20.500.12657/60530</marc:subfield><marc:subfield code="7">0</marc:subfield><marc:subfield code="z">OAPEN Library: description of the publication</marc:subfield></marc:datafield></marc:record>
